// 1
@article{hada2021ruddit,
  title={Ruddit: Norms of Offensiveness for English Reddit Comments},
  author={Hada, Rishav and Sudhir, Sohi and Mishra, Pushkar and Yannakoudakis, Helen and Mohammad, Saif M and Shutova, Ekaterina},
  journal={arXiv preprint arXiv:2106.05664},
  year={2021}
}

// 2
@inproceedings{vidgen2019challenges,
  title={Challenges and frontiers in abusive content detection},
  author={Vidgen, Bertie and Harris, Alex and Nguyen, Dong and Tromble, Rebekah and Hale, Scott and Margetts, Helen},
  booktitle={Proceedings of the third workshop on abusive language online},
  pages={80--93},
  year={2019}
}
 // 3
Hana Kimura death: Man charged over cyberbullying of Japanese reality TV star.
@misc{HanaK,
  title={Hana Kimura death: Man charged over cyberbullying of Japanese reality TV star},
  author={Steven, Borowiec},
  year={2021},
  publisher={The Guardian}
}

//4
@article{babvey2021using,
  title={Using social media data for assessing children’s exposure to violence during the COVID-19 pandemic},
  author={Babvey, Pouria and Capela, Fernanda and Cappa, Claudia and Lipizzi, Carlo and Petrowski, Nicole and Ramirez-Marquez, Jose},
  journal={Child Abuse \& Neglect},
  volume={116},
  pages={104747},
  year={2021},
  publisher={Elsevier}
}

//5
@article{liu2021covid,
  title={COVID-19 information overload and generation Z's social media discontinuance intention during the pandemic lockdown},
  author={Liu, Hongfei and Liu, Wentong and Yoganathan, Vignesh and Osburg, Victoria-Sophie},
  journal={Technological Forecasting and Social Change},
  volume={166},
  pages={120600},
  year={2021},
  publisher={Elsevier}
}

//6
WHO Director-General's opening remarks at the media briefing on COVID-19 - 11 March 2020
@misc{whoCovid,
  title={WHO Director-General's opening remarks at the media briefing on COVID-19 - 11 March 2020},
  year={2020},
  author={WHO},
  publisher={World Health Organization},
  howpublished={\url{https://www.who.int/director-general/speeches/detail/who-director-general-s-opening-remarks-at-the-media-briefing-on-covid-19---11-march-2020}}
}

//7
Japan eyes tougher jail sentence for insults to tackle cyberbullying.
@misc{JpGov,
  title={apan eyes tougher jail sentence for insults to tackle cyberbullying},
  year={2021},
  author={Kyodo, News},
  publisher={Kyodo News Plus},
  howpublished={\url{ https://english.kyodonews.net/news/2021/09/100ee4e7a81d-japan-eyes-tougher-jail-sentence-for-insults-to-tackle-cyberbullying.html}}
}

//8
@inproceedings{andersen2021evolving,
  title={Evolving Neural Networks for Text Classification using Genetic Algorithm-based Approaches},
  author={Andersen, Hayden and Stevenson, Sean and Ha, Tuan and Gao, Xiaoying and Xue, Bing},
  booktitle={2021 IEEE Congress on Evolutionary Computation (CEC)},
  pages={1241--1248},
  year={2021},
  organization={IEEE}
}

//9
[9] Stuart Russell, Peter Norving. 2021. Search in Complex Environment. Artificial Intelligence: A Modern Approach 4th Edition Global Edition, UK, Pearson Education Limited, 128-160.
@inbook{russell,
  booktitle={Artificial Intelligence: A Modern Approach 4th Edition Global Edition},
  title={Search in Complex Environment},
  author={Stuart, Russell and Peter, Norving},
  publisher={Pearson Education Limited},
  address={UK},
  year={2021},
  pages={128--160}
}

//10
[10] 2021. Kaggle. Jigsaw Rate Severity of Toxic Comments. https://www.kaggle.com/c/jigsaw-toxic-severity-rating .
@misc{kagglejigsaw,
  title={Jigsaw Rate Severity of Toxic Comments},
  author={Jigsaw/Conversation AI},
  year={2021},
  howpublished={\url{https://www.kaggle.com/c/jigsaw-toxic-severity-rating}},
  publisher={Kaggle}
}

//11
@article{malmasi2017detecting,
  title={Detecting hate speech in social media},
  author={Malmasi, Shervin and Zampieri, Marcos},
  journal={arXiv preprint arXiv:1712.06427},
  year={2017}
}

//12
@article{shi2021influence,
 title={Influence of Internet Language Violence on Young Students’ Mental Health and Intervention Countermeasures},
 author={Shi, Xiaoqin and Yu, Chao and Wu, Dongmei},
 journal={Journal of healthcare engineering},
 volume={2021},
 year={2021},
 publisher={Hindawi}
}

//13
@inproceedings{andersen2021evolving,
 title={Evolving Neural Networks for Text Classification using Genetic Algorithm-based Approaches},
 author={Andersen, Hayden and Stevenson, Sean and Ha, Tuan and Gao, Xiaoying and Xue, Bing},
 booktitle={2021 IEEE Congress on Evolutionary Computation (CEC)},
 pages={1241--1248},
 year={2021},
 organization={IEEE}
}

//14
@article{lehman2020surprising,
  title={The surprising creativity of digital evolution: A collection of anecdotes from the evolutionary computation and artificial life research communities},
  author={Lehman, Joel and Clune, Jeff and Misevic, Dusan and Adami, Christoph and Altenberg, Lee and Beaulieu, Julie and Bentley, Peter J and Bernard, Samuel and Beslon, Guillaume and Bryson, David M and others},
  journal={Artificial life},
  volume={26},
  number={2},
  pages={274--306},
  year={2020},
  publisher={MIT Press One Rogers Street, Cambridge, MA 02142-1209, USA journals-info~…}
}

//15
[15] Twitter documentation
@misc{twitter,
  title={Counting characters},
  year={2021},
  howpublished={\url{https://developer.twitter.com/en/docs/counting-characters
}}
}

//16
@article{wang2021short,
 title={A Short Text Classification Method Based on Convolutional Neural Network and Semantic Extension.},
 author={Wang, Haitao and Tian, Keke and Wu, Zhengjiang and Wang, Lei},
 journal={Int. J. Comput. Intell. Syst.},
 volume={14},
 number={1},
 pages={367--375},
 year={2021}
}

// 17
@inproceedings{pennington2014glove,
  title={Glove: Global vectors for word representation},
  author={Pennington, Jeffrey and Socher, Richard and Manning, Christopher D},
  booktitle={Proceedings of the 2014 conference on empirical methods in natural language processing (EMNLP)},
  pages={1532--1543},
  year={2014}
}

// 18
@article{devlin2018bert,
  title={Bert: Pre-training of deep bidirectional transformers for language understanding},
  author={Devlin, Jacob and Chang, Ming-Wei and Lee, Kenton and Toutanova, Kristina},
  journal={arXiv preprint arXiv:1810.04805},
  year={2018}
}

// 19
@article{caselli2020hatebert,
  title={Hatebert: Retraining bert for abusive language detection in english},
  author={Caselli, Tommaso and Basile, Valerio and Mitrovi{\'c}, Jelena and Granitzer, Michael},
  journal={arXiv preprint arXiv:2010.12472},
  year={2020}
}
